<mx:record xmlns="http://www.w3.org/TR/xhtml1/strict" xmlns:mx="http://www.loc.gov/MARC21/slim" xmlns:xsi="http://www.w3.org/2001/XMLSchema-instance"><mx:leader>00000cz   2200000n  4500</mx:leader><mx:controlfield tag="001">oca00379983 </mx:controlfield><mx:controlfield tag="005">19981105053641.8</mx:controlfield><mx:controlfield tag="008">800625n| acannaab|          |a aaa      </mx:controlfield><mx:datafield ind1=" " ind2=" " tag="010"><mx:subfield code="a">n  79148931</mx:subfield></mx:datafield><mx:datafield ind1=" " ind2=" " tag="040"><mx:subfield code="a">DLC</mx:subfield><mx:subfield code="c">DLC</mx:subfield><mx:subfield code="d">Uk</mx:subfield></mx:datafield><mx:datafield ind1="0" ind2=" " tag="100"><mx:subfield code="a">Antoninus Pius,</mx:subfield><mx:subfield code="c">Emperor of Rome,</mx:subfield><mx:subfield code="d">86-161</mx:subfield></mx:datafield><mx:datafield ind1="0" ind2=" " tag="400"><mx:subfield code="a">Antonino Pio,</mx:subfield><mx:subfield code="c">Emperor of Rome,</mx:subfield><mx:subfield code="d">86-161</mx:subfield></mx:datafield><mx:datafield ind1="1" ind2=" " tag="400"><mx:subfield code="a">Antoninus, Titus Aurelius Fulvius Boionius Pius,</mx:subfield><mx:subfield code="c">Emperor of Rome,</mx:subfield><mx:subfield code="d">86-161</mx:subfield></mx:datafield><mx:datafield ind1="0" ind2=" " tag="400"><mx:subfield code="a">Antonin le Pieux,</mx:subfield><mx:subfield code="c">Emperor of Rome,</mx:subfield><mx:subfield code="d">86-161</mx:subfield></mx:datafield><mx:datafield ind1=" " ind2=" " tag="670"><mx:subfield code="a">Kommentar zur Vita Antoninus Pius der Historia Augusta, 1998</mx:subfield></mx:datafield><mx:datafield ind1=" " ind2=" " tag="670"><mx:subfield code="a">Antonino Pio, 1947</mx:subfield></mx:datafield><mx:datafield ind1=" " ind2=" " tag="670"><mx:subfield code="a">Brit. Lib. Cat., 4 Nov. 1998</mx:subfield><mx:subfield code="b">(hdg.: Antoninus, Titus Aurelius Fulvius Boionius Pius, Emperor of Rome; usage Antoninus Pius, Antonin le Pieux)</mx:subfield></mx:datafield></mx:record>